<?xml version="1.0" encoding="UTF-8"?><collection xmlns="http://www.loc.gov/MARC21/slim"><record><leader>00445nam--2200133-i-4500</leader><controlfield tag="001">000007117</controlfield><controlfield tag="002">20161230</controlfield><controlfield tag="005">20161230201027</controlfield><controlfield tag="008">060222s1000------------r-----000-0-eng-d</controlfield><datafield ind1=" " ind2=" " tag="080"><subfield code="a">621.039.536</subfield></datafield><datafield ind1=" " ind2=" " tag="100"><subfield code="a">Conte, F. Dambrine, C. Et Gaussot, D</subfield></datafield><datafield ind1=" " ind2=" " tag="245"><subfield code="a">Les caissons en beton precontraint dans le programme francais des reacteurs de puisance</subfield></datafield><datafield ind1=" " ind2=" " tag="260"><subfield code="a">Vienne, Agence Internationale De L Energie Atomique, 1963 24 P. + Ll Fig</subfield></datafield><datafield ind1=" " ind2=" " tag="852"><subfield code="a">21068</subfield></datafield></record></collection>